
@article{firth1993bias,
  title={Bias reduction of maximum likelihood estimates},
  author={Firth, David},
  journal={Biometrika},
  volume={80},
  number={1},
  pages={27--38},
  year={1993},
  publisher={Oxford University Press}
}

@article{heinze2002solution,
  title={A solution to the problem of separation in logistic regression},
  author={Heinze, Georg and Schemper, Michael},
  journal={Statistics in medicine},
  volume={21},
  number={16},
  pages={2409--2419},
  year={2002},
  publisher={Wiley Online Library}
}