@article{burro2022patience,
  title={Patience decreases with age for the poor but not for the rich: an international comparison},
  author={Burro, Giovanni and McDonald, Rebecca and Read, Daniel and Taj, Umar},
  journal={Journal of Economic Behavior \& Organization},
  volume={193},
  pages={596--621},
  year={2022},
  publisher={Elsevier}
}

