
@book{kahneman1973attention,
  title={Attention and effort},
  author={Kahneman, Daniel},
  volume={1063},
  year={1973},
  publisher={Citeseer}
}

@article{macinnis1987role,
  title={The role of imagery in information processing: Review and extensions},
  author={MacInnis, Deborah J and Price, Linda L},
  journal={Journal of consumer research},
  volume={13},
  number={4},
  pages={473--491},
  year={1987},
  publisher={The University of Chicago Press}
}

@article{sweller1998cognitive,
  title={Cognitive architecture and instructional design},
  author={Sweller, John and Van Merrienboer, Jeroen JG and Paas, Fred GWC},
  journal={Educational psychology review},
  volume={10},
  pages={251--296},
  year={1998},
  publisher={Springer}
}

@incollection{sweller2011cognitive,
  title={Cognitive load theory},
  author={Sweller, John},
  booktitle={Psychology of learning and motivation},
  volume={55},
  pages={37--76},
  year={2011},
  publisher={Elsevier}
}

@article{malhotra1982information,
  title={Information load and consumer decision making},
  author={Malhotra, Naresh K},
  journal={Journal of consumer research},
  volume={8},
  number={4},
  pages={419--430},
  year={1982},
  publisher={The University of Chicago Press}
}

@article{kool2010decision,
  title={Decision making and the avoidance of cognitive demand.},
  author={Kool, Wouter and McGuire, Joseph T and Rosen, Zev B and Botvinick, Matthew M},
  journal={Journal of experimental psychology: general},
  volume={139},
  number={4},
  pages={665},
  year={2010},
  publisher={American Psychological Association}
}

@inproceedings{xu2015show,
  title={Show, attend and tell: Neural image caption generation with visual attention},
  author={Xu, Kelvin and Ba, Jimmy and Kiros, Ryan and Cho, Kyunghyun and Courville, Aaron and Salakhudinov, Ruslan and Zemel, Rich and Bengio, Yoshua},
  booktitle={International conference on machine learning},
  pages={2048--2057},
  year={2015},
  organization={PMLR}
}

@incollection{gabaix2019behavioral,
  title={Behavioral inattention},
  author={Gabaix, Xavier},
  booktitle={Handbook of behavioral economics: Applications and foundations 1},
  volume={2},
  pages={261--343},
  year={2019},
  publisher={Elsevier}
}

@article{lindsay2020attention,
  title={Attention in psychology, neuroscience, and machine learning},
  author={Lindsay, Grace W},
  journal={Frontiers in computational neuroscience},
  volume={14},
  pages={516985},
  year={2020},
  publisher={Frontiers}
}

@article{gottlieb2012attention,
  title={Attention, learning, and the value of information},
  author={Gottlieb, Jacqueline},
  journal={Neuron},
  volume={76},
  number={2},
  pages={281--295},
  year={2012},
  publisher={Elsevier}
}

@article{gottlieb2013information,
  title={Information-seeking, curiosity, and attention: computational and neural mechanisms},
  author={Gottlieb, Jacqueline and Oudeyer, Pierre-Yves and Lopes, Manuel and Baranes, Adrien},
  journal={Trends in cognitive sciences},
  volume={17},
  number={11},
  pages={585--593},
  year={2013},
  publisher={Elsevier}
}

@article{sharot2020people,
  title={How people decide what they want to know},
  author={Sharot, Tali and Sunstein, Cass R},
  journal={Nature Human Behaviour},
  volume={4},
  number={1},
  pages={14--19},
  year={2020},
  publisher={Nature Publishing Group UK London}
}

@article{golman2022demand,
  title={The demand for, and avoidance of, information},
  author={Golman, Russell and Loewenstein, George and Molnar, Andras and Saccardo, Silvia},
  journal={Management Science},
  volume={68},
  number={9},
  pages={6454--6476},
  year={2022},
  publisher={INFORMS}
}

@article{itti2009bayesian,
  title={Bayesian surprise attracts human attention},
  author={Itti, Laurent and Baldi, Pierre},
  journal={Vision research},
  volume={49},
  number={10},
  pages={1295--1306},
  year={2009},
  publisher={Elsevier}
}

@article{manzini2014stochastic,
  title={Stochastic choice and consideration sets},
  author={Manzini, Paola and Mariotti, Marco},
  journal={Econometrica},
  volume={82},
  number={3},
  pages={1153--1176},
  year={2014},
  publisher={Wiley Online Library}
}

@article{gossner2021attention,
  title={Attention please!},
  author={Gossner, Olivier and Steiner, Jakub and Stewart, Colin},
  journal={Econometrica},
  volume={89},
  number={4},
  pages={1717--1751},
  year={2021},
  publisher={Wiley Online Library}
}

%% reward & attention 

@article{della2009learning,
  title={Learning to attend and to ignore is a matter of gains and losses},
  author={Della Libera, Chiara and Chelazzi, Leonardo},
  journal={Psychological science},
  volume={20},
  number={6},
  pages={778--784},
  year={2009},
  publisher={SAGE Publications Sage CA: Los Angeles, CA}
}

@article{hickey2010reward,
  title={Reward changes salience in human vision via the anterior cingulate},
  author={Hickey, Clayton and Chelazzi, Leonardo and Theeuwes, Jan},
  journal={Journal of Neuroscience},
  volume={30},
  number={33},
  pages={11096--11103},
  year={2010},
  publisher={Soc Neuroscience}
}

@article{anderson2011value,
  title={Value-driven attentional capture},
  author={Anderson, Brian A and Laurent, Patryk A and Yantis, Steven},
  journal={Proceedings of the National Academy of Sciences},
  volume={108},
  number={25},
  pages={10367--10371},
  year={2011},
  publisher={National Acad Sciences}
}

@article{awh2012top,
  title={Top-down versus bottom-up attentional control: A failed theoretical dichotomy},
  author={Awh, Edward and Belopolsky, Artem V and Theeuwes, Jan},
  journal={Trends in cognitive sciences},
  volume={16},
  number={8},
  pages={437--443},
  year={2012},
  publisher={Elsevier}
}

@article{chelazzi2013rewards,
  title={Rewards teach visual selective attention},
  author={Chelazzi, Leonardo and Perlato, Andrea and Santandrea, Elisa and Della Libera, Chiara},
  journal={Vision research},
  volume={85},
  pages={58--72},
  year={2013},
  publisher={Elsevier}
}

@article{jahfari2017sensitivity,
  title={Sensitivity to value-driven attention is predicted by how we learn from value},
  author={Jahfari, Sara and Theeuwes, Jan},
  journal={Psychonomic bulletin \& review},
  volume={24},
  number={2},
  pages={408--415},
  year={2017},
  publisher={Springer}
}

@article{galai2006ostrich,
  title={The “ostrich effect” and the relationship between the liquidity and the yields of financial assets},
  author={Galai, Dan and Sade, Orly},
  journal={The Journal of Business},
  volume={79},
  number={5},
  pages={2741--2759},
  year={2006},
  publisher={JSTOR}
}

@article{karlsson2009ostrich,
  title={The ostrich effect: Selective attention to information},
  author={Karlsson, Niklas and Loewenstein, George and Seppi, Duane},
  journal={Journal of Risk and uncertainty},
  volume={38},
  pages={95--115},
  year={2009},
  publisher={Springer}
}

@techreport{olafsson2017ostrich,
  title={The ostrich in us: Selective attention to financial accounts, income, spending, and liquidity},
  author={Olafsson, Arna and Pagel, Michaela},
  year={2017},
  institution={National Bureau of Economic Research}
}

%% rational inattention

@inproceedings{blackwell1951comparison,
  title={Comparison of experiments},
  author={Blackwell, David and others},
  booktitle={Proceedings of the second Berkeley symposium on mathematical statistics and probability},
  volume={1},
  number={93-102},
  pages={26},
  year={1951}
}

@article{sims2003implications,
  title={Implications of rational inattention},
  author={Sims, Christopher A},
  journal={Journal of monetary Economics},
  volume={50},
  number={3},
  pages={665--690},
  year={2003},
  publisher={Elsevier}
}

@article{matvejka2015rational,
  title={Rational inattention to discrete choices: A new foundation for the multinomial logit model},
  author={Mat{\v{e}}jka, Filip and McKay, Alisdair},
  journal={American Economic Review},
  volume={105},
  number={1},
  pages={272--298},
  year={2015},
  publisher={American Economic Association 2014 Broadway, Suite 305, Nashville, TN 37203}
}

@article{vaswani2017attention,
  title={Attention is all you need},
  author={Vaswani, Ashish},
  journal={arXiv preprint arXiv:1706.03762},
  year={2017}
}

@article{steiner2017rational,
  title={Rational inattention dynamics: Inertia and delay in decision-making},
  author={Steiner, Jakub and Stewart, Colin and Mat{\v{e}}jka, Filip},
  journal={Econometrica},
  volume={85},
  number={2},
  pages={521--553},
  year={2017},
  publisher={Wiley Online Library}
}

@article{mackowiak2023rational,
  title={Rational inattention: A review},
  author={Ma{\'c}kowiak, Bartosz and Mat{\v{e}}jka, Filip and Wiederholt, Mirko},
  journal={Journal of Economic Literature},
  volume={61},
  number={1},
  pages={226--273},
  year={2023},
  publisher={American Economic Association 2014 Broadway, Suite 305, Nashville, TN 37203-2425}
}

@article{caplin2022rationally,
  title={Rationally inattentive behavior: Characterizing and generalizing Shannon entropy},
  author={Caplin, Andrew and Dean, Mark and Leahy, John},
  journal={Journal of Political Economy},
  volume={130},
  number={6},
  pages={1676--1715},
  year={2022},
  publisher={The University of Chicago Press Chicago, IL}
}

%% related attention theory

@article{ely2015suspense,
  title={Suspense and surprise},
  author={Ely, Jeffrey and Frankel, Alexander and Kamenica, Emir},
  journal={Journal of Political Economy},
  volume={123},
  number={1},
  pages={215--260},
  year={2015},
  publisher={University of Chicago Press Chicago, IL}
}

@article{golman2018information,
  title={Information gaps: A theory of preferences regarding the presence and absence of information.},
  author={Golman, Russell and Loewenstein, George},
  journal={Decision},
  volume={5},
  number={3},
  pages={143},
  year={2018},
  publisher={Educational Publishing Foundation}
}

@article{andries2020information,
  title={Information aversion},
  author={Andries, Marianne and Haddad, Valentin},
  journal={Journal of Political Economy},
  volume={128},
  number={5},
  pages={1901--1939},
  year={2020},
  publisher={The University of Chicago Press Chicago, IL}
}

@article{kHoszegi2013model,
  title={A model of focusing in economic choice},
  author={K{\H{o}}szegi, Botond and Szeidl, Adam},
  journal={The Quarterly journal of economics},
  volume={128},
  number={1},
  pages={53--104},
  year={2013},
  publisher={Oxford University Press}
}

@article{bordalo2012salience,
  title={Salience theory of choice under risk},
  author={Bordalo, Pedro and Gennaioli, Nicola and Shleifer, Andrei},
  journal={The Quarterly journal of economics},
  volume={127},
  number={3},
  pages={1243--1285},
  year={2012},
  publisher={MIT Press}
}

@article{bordalo2013salience,
  title={Salience and consumer choice},
  author={Bordalo, Pedro and Gennaioli, Nicola and Shleifer, Andrei},
  journal={Journal of Political Economy},
  volume={121},
  number={5},
  pages={803--843},
  year={2013},
  publisher={University of Chicago Press Chicago, IL}
}

@article{dertwinkel2022concentration,
  title={Concentration bias in intertemporal choice},
  author={Dertwinkel-Kalt, Markus and Gerhardt, Holger and Riener, Gerhard and Schwerter, Frederik and Strang, Louis},
  journal={The Review of Economic Studies},
  volume={89},
  number={3},
  pages={1314--1334},
  year={2022},
  publisher={Oxford University Press}
}

@article{bordalo2020memory,
  title={Memory, attention, and choice},
  author={Bordalo, Pedro and Gennaioli, Nicola and Shleifer, Andrei},
  journal={The Quarterly journal of economics},
  volume={135},
  number={3},
  pages={1399--1442},
  year={2020},
  publisher={Oxford University Press}
}

@article{bordalo2022salience,
  title={Salience},
  author={Bordalo, Pedro and Gennaioli, Nicola and Shleifer, Andrei},
  journal={Annual Review of Economics},
  volume={14},
  number={1},
  pages={521--544},
  year={2022},
  publisher={Annual Reviews}
}

%% optimal discounting

@article{becker1997endogenous,
  title={The endogenous determination of time preference},
  author={Becker, Gary S and Mulligan, Casey B},
  journal={The Quarterly Journal of Economics},
  volume={112},
  number={3},
  pages={729--758},
  year={1997},
  publisher={MIT Press}
}

@article{epstein1983rate,
  title={The rate of time preference and dynamic economic analysis},
  author={Epstein, Larry G and Hynes, J Allan},
  journal={Journal of Political Economy},
  volume={91},
  number={4},
  pages={611--635},
  year={1983},
  publisher={The University of Chicago Press}
}

@incollection{uzawa1968time,
  title={Time preference, the consumption function, and optimum asset holdings},
  author={Uzawa, Hirofumi},
  booktitle={Value, capital and Growth},
  pages={485--504},
  year={1968},
  publisher={Routledge}
}

@article{fudenberg2006dual,
  title={A dual-self model of impulse control},
  author={Fudenberg, Drew and Levine, David K},
  journal={American economic review},
  volume={96},
  number={5},
  pages={1449--1476},
  year={2006},
  publisher={American Economic Association}
}

@article{noor2022optimal,
  title={Optimal discounting},
  author={Noor, Jawwad and Takeoka, Norio},
  journal={Econometrica},
  volume={90},
  number={2},
  pages={585--623},
  year={2022},
  publisher={Wiley Online Library}
}

@article{noor2024constrained,
  title={Constrained optimal discounting},
  author={Noor, Jawwad and Takeoka, Norio},
  journal={Available at SSRN 4703748},
  year={2024}
}

@article{todorov2009efficient,
  title={Efficient computation of optimal actions},
  author={Todorov, Emanuel},
  journal={Proceedings of the national academy of sciences},
  volume={106},
  number={28},
  pages={11478--11483},
  year={2009},
  publisher={National Acad Sciences}
}

@article{brunnermeier2017optimal,
  title={Optimal time-inconsistent beliefs: Misplanning, procrastination, and commitment},
  author={Brunnermeier, Markus K and Papakonstantinou, Filippos and Parker, Jonathan A},
  journal={Management Science},
  volume={63},
  number={5},
  pages={1318--1340},
  year={2017},
  publisher={INFORMS}
}

%% RL

@article{houthooft2016vime,
  title={Vime: Variational information maximizing exploration},
  author={Houthooft, Rein and Chen, Xi and Duan, Yan and Schulman, John and De Turck, Filip and Abbeel, Pieter},
  journal={Advances in neural information processing systems},
  volume={29},
  year={2016}
}

@book{sutton2018reinforcement,
  title={Reinforcement learning: An introduction},
  author={Sutton, Richard S and Barto, Andrew G},
  year={2018},
  publisher={MIT press}
}

@article{schulman2017equivalence,
  title={Equivalence between policy gradients and soft q-learning},
  author={Schulman, John and Chen, Xi and Abbeel, Pieter},
  journal={arXiv preprint arXiv:1704.06440},
  year={2017}
}

@inproceedings{haarnoja2017reinforcement,
  title={Reinforcement learning with deep energy-based policies},
  author={Haarnoja, Tuomas and Tang, Haoran and Abbeel, Pieter and Levine, Sergey},
  booktitle={International conference on machine learning},
  pages={1352--1361},
  year={2017},
  organization={PMLR}
}

@article{cesa2017boltzmann,
  title={Boltzmann exploration done right},
  author={Cesa-Bianchi, Nicol{\`o} and Gentile, Claudio and Lugosi, G{\'a}bor and Neu, Gergely},
  journal={Advances in neural information processing systems},
  volume={30},
  year={2017}
}

@article{settles2009active,
  title={Active learning literature survey},
  author={Settles, Burr},
  year={2009},
  publisher={University of Wisconsin-Madison Department of Computer Sciences}
}

@article{ren2021survey,
  title={A survey of deep active learning},
  author={Ren, Pengzhen and Xiao, Yun and Chang, Xiaojun and Huang, Po-Yao and Li, Zhihui and Gupta, Brij B and Chen, Xiaojiang and Wang, Xin},
  journal={ACM computing surveys (CSUR)},
  volume={54},
  number={9},
  pages={1--40},
  year={2021},
  publisher={ACM New York, NY}
}


%% neural evidence

@article{whitney2011visual,
  title={Visual crowding: A fundamental limit on conscious perception and object recognition},
  author={Whitney, David and Levi, Dennis M},
  journal={Trends in cognitive sciences},
  volume={15},
  number={4},
  pages={160--168},
  year={2011},
  publisher={Elsevier}
}

@article{collins2014opponent,
  title={Opponent actor learning (OpAL): modeling interactive effects of striatal dopamine on reinforcement learning and choice incentive.},
  author={Collins, Anne GE and Frank, Michael J},
  journal={Psychological review},
  volume={121},
  number={3},
  pages={337},
  year={2014},
  publisher={American Psychological Association}
}

@article{leong2017dynamic,
  title={Dynamic interaction between reinforcement learning and attention in multidimensional environments},
  author={Leong, Yuan Chang and Radulescu, Angela and Daniel, Reka and DeWoskin, Vivian and Niv, Yael},
  journal={Neuron},
  volume={93},
  number={2},
  pages={451--463},
  year={2017},
  publisher={Elsevier}
}

@article{niv2015reinforcement,
  title={Reinforcement learning in multidimensional environments relies on attention mechanisms},
  author={Niv, Yael and Daniel, Reka and Geana, Andra and Gershman, Samuel J and Leong, Yuan Chang and Radulescu, Angela and Wilson, Robert C},
  journal={Journal of Neuroscience},
  volume={35},
  number={21},
  pages={8145--8157},
  year={2015},
  publisher={Soc Neuroscience}
}

@article{fitzgerald2012action,
  title={Action-specific value signals in reward-related regions of the human brain},
  author={FitzGerald, Thomas HB and Friston, Karl J and Dolan, Raymond J},
  journal={Journal of Neuroscience},
  volume={32},
  number={46},
  pages={16417--16423},
  year={2012},
  publisher={Soc Neuroscience}
}

@article{niv2012neural,
  title={Neural prediction errors reveal a risk-sensitive reinforcement-learning process in the human brain},
  author={Niv, Yael and Edlund, Jeffrey A and Dayan, Peter and O'Doherty, John P},
  journal={Journal of Neuroscience},
  volume={32},
  number={2},
  pages={551--562},
  year={2012},
  publisher={Soc Neuroscience}
}

@article{daw2006cortical,
  title={Cortical substrates for exploratory decisions in humans},
  author={Daw, Nathaniel D and O'doherty, John P and Dayan, Peter and Seymour, Ben and Dolan, Raymond J},
  journal={Nature},
  volume={441},
  number={7095},
  pages={876--879},
  year={2006},
  publisher={Nature Publishing Group UK London}
}

%% time preference

@incollection{ericson2019intertemporal,
  title={Intertemporal choice},
  author={Ericson, Keith Marzilli and Laibson, David},
  booktitle={Handbook of behavioral economics: Applications and foundations 1},
  volume={2},
  pages={1--67},
  year={2019},
  publisher={Elsevier}
}

@article{cohen2020measuring,
  title={Measuring time preferences},
  author={Cohen, Jonathan and Ericson, Keith Marzilli and Laibson, David and White, John Myles},
  journal={Journal of Economic Literature},
  volume={58},
  number={2},
  pages={299--347},
  year={2020},
  publisher={American Economic Association 2014 Broadway, Suite 305, Nashville, TN 37203-2425}
}

@article{laibson1997golden,
  title={Golden eggs and hyperbolic discounting},
  author={Laibson, David},
  journal={The Quarterly Journal of Economics},
  volume={112},
  number={2},
  pages={443--478},
  year={1997},
  publisher={MIT Press}
}

@article{o1999doing,
  title={Doing it now or later},
  author={O'donoghue, Ted and Rabin, Matthew},
  journal={American economic review},
  volume={89},
  number={1},
  pages={103--124},
  year={1999},
  publisher={American Economic Association}
}

@article{kHoszegi2009reference,
  title={Reference-dependent consumption plans},
  author={K{\H{o}}szegi, Botond and Rabin, Matthew},
  journal={American Economic Review},
  volume={99},
  number={3},
  pages={909--936},
  year={2009},
  publisher={American Economic Association}
}

@article{enke2023complexity,
  title={Complexity and Hyperbolic Discounting},
  author={Enke, Benjamin and Graeber, Thomas and Oprea, Ryan},
  year={2023},
  publisher={CESifo Working Paper}
}

@article{loewenstein1992anomalies,
  title={Anomalies in intertemporal choice: Evidence and an interpretation},
  author={Loewenstein, George and Prelec, Drazen},
  journal={The Quarterly Journal of Economics},
  volume={107},
  number={2},
  pages={573--597},
  year={1992},
  publisher={MIT Press}
}

@article{onay2007intertemporal,
  title={Intertemporal choice under timing risk: An experimental approach},
  author={Onay, Sel{\c{c}}uk and {\"O}nc{\"u}ler, Ayse},
  journal={Journal of Risk and Uncertainty},
  volume={34},
  pages={99--121},
  year={2007},
  publisher={Springer}
}

@article{dejarnette2020time,
  title={Time lotteries and stochastic impatience},
  author={DeJarnette, Patrick and Dillenberger, David and Gottlieb, Daniel and Ortoleva, Pietro},
  journal={Econometrica},
  volume={88},
  number={2},
  pages={619--656},
  year={2020},
  publisher={Wiley Online Library}
}

@article{takeuchi2011non,
  title={Non-parametric test of time consistency: Present bias and future bias},
  author={Takeuchi, Kan},
  journal={Games and Economic Behavior},
  volume={71},
  number={2},
  pages={456--478},
  year={2011},
  publisher={Elsevier}
}

@article{trope2003temporal,
  title={Temporal construal.},
  author={Trope, Yaacov and Liberman, Nira},
  journal={Psychological review},
  volume={110},
  number={3},
  pages={403},
  year={2003},
  publisher={American Psychological Association}
}

@article{stewart2006decision,
  title={Decision by sampling},
  author={Stewart, Neil and Chater, Nick and Brown, Gordon DA},
  journal={Cognitive psychology},
  volume={53},
  number={1},
  pages={1--26},
  year={2006},
  publisher={Elsevier}
}

@article{magen2008hidden,
  title={The hidden zero effect: Representing a single choice as an extended sequence reduces impulsive choice},
  author={Magen, Eran and Dweck, Carol S and Gross, James J},
  journal={Psychological science},
  volume={19},
  number={7},
  pages={648},
  year={2008},
  publisher={NIH Public Access}
}

@article{radu2011mechanism,
  title={A mechanism for reducing delay discounting by altering temporal attention},
  author={Radu, Peter T and Yi, Richard and Bickel, Warren K and Gross, James J and McClure, Samuel M},
  journal={Journal of the experimental analysis of behavior},
  volume={96},
  number={3},
  pages={363--385},
  year={2011},
  publisher={Wiley Online Library}
}

@article{read2017value,
  title={The value of nothing: Asymmetric attention to opportunity costs drives intertemporal decision making},
  author={Read, Daniel and Olivola, Christopher Y and Hardisty, David J},
  journal={Management Science},
  volume={63},
  number={12},
  pages={4277--4297},
  year={2017},
  publisher={INFORMS}
}

@article{dang2021beauty,
  title={The beauty of the zero: replications and extensions of the hidden-zero effect in delay discounting tasks},
  author={Dang, Junhua and Liu, Xiaoping and Xiao, Shanshan and Mao, Lihua and Chan, Ka Tung and Li, Chaoyu and Lin, Meihan and Liu, Zanzan and Luo, Yanran and Sun, Yumingzi and others},
  journal={Social Psychological and Personality Science},
  volume={12},
  number={4},
  pages={544--549},
  year={2021},
  publisher={Sage Publications Sage CA: Los Angeles, CA}
}

@article{andersen2018multiattribute,
  title={Multiattribute utility theory, intertemporal utility, and correlation aversion},
  author={Andersen, Steffen and Harrison, Glenn W and Lau, Morten I and Rutstr{\"o}m, E Elisabet},
  journal={International Economic Review},
  volume={59},
  number={2},
  pages={537--555},
  year={2018},
  publisher={Wiley Online Library}
}

@article{rohde2023intertemporal,
  title={Intertemporal correlation aversion—a model-free measurement},
  author={Rohde, Kirsten IM and Yu, Xiao},
  journal={Management Science},
  year={2023},
  publisher={INFORMS}
}

@article{scholten2014better,
  title={Better is worse, worse is better: Violations of dominance in intertemporal choice.},
  author={Scholten, Marc and Read, Daniel},
  journal={Decision},
  volume={1},
  number={3},
  pages={215},
  year={2014},
  publisher={Educational Publishing Foundation}
}

@article{jiang2017better,
  title={Better is worse, worse is better: Reexamination of violations of dominance in intertemporal choice},
  author={Jiang, Cheng-Ming and Sun, Hong-Mei and Zhu, Long-Fei and Zhao, Lei and Liu, Hong-Zhi and Sun, Hong-Yue},
  journal={Judgment and Decision Making},
  volume={12},
  number={3},
  pages={253--259},
  year={2017},
  publisher={Cambridge University Press}
}

@techreport{gabaix2017myopia,
  title={Myopia and discounting},
  author={Gabaix, Xavier and Laibson, David},
  year={2017},
  institution={National bureau of economic research}
}

@article{gershman2020rationally,
  title={Rationally inattentive intertemporal choice},
  author={Gershman, Samuel J and Bhui, Rahul},
  journal={Nature communications},
  volume={11},
  number={1},
  pages={3365},
  year={2020},
  publisher={Nature Publishing Group UK London}
}

@article{amasino2019amount,
  title={Amount and time exert independent influences on intertemporal choice},
  author={Amasino, Dianna R and Sullivan, Nicolette J and Kranton, Rachel E and Huettel, Scott A},
  journal={Nature human behaviour},
  volume={3},
  number={4},
  pages={383--392},
  year={2019},
  publisher={Nature Publishing Group UK London}
}

@article{read2012tradeoffs,
  title={Tradeoffs between sequences: Weighing accumulated outcomes against outcome-adjusted delays.},
  author={Read, Daniel and Scholten, Marc},
  journal={Journal of Experimental Psychology: Learning, Memory, and Cognition},
  volume={38},
  number={6},
  pages={1675},
  year={2012},
  publisher={American Psychological Association}
}

@article{scholten2016cumulative,
  title={Cumulative weighing of time in intertemporal tradeoffs.},
  author={Scholten, Marc and Read, Daniel and Sanborn, Adam},
  journal={Journal of Experimental Psychology: General},
  volume={145},
  number={9},
  pages={1177},
  year={2016},
  publisher={American Psychological Association}
}

@article{scholten2024unified,
  title={The unified tradeoff model.},
  author={Scholten, Marc and Walters, Daniel J and Fox, Craig R and Read, Daniel},
  journal={Psychological Review},
  year={2024},
  publisher={American Psychological Association}
}

%% Others

@book{mas1995microeconomic,
  title={Microeconomic theory},
  author={Mas-Colell, Andreu and Whinston, Michael Dennis and Green, Jerry R and others},
  volume={1},
  year={1995},
  publisher={Oxford university press New York}
}

@article{bleichrodt2008koopmans,
  title={Koopmans’ constant discounting for intertemporal choice: A simplification and a generalization},
  author={Bleichrodt, Han and Rohde, Kirsten IM and Wakker, Peter P},
  journal={Journal of Mathematical Psychology},
  volume={52},
  number={6},
  pages={341--347},
  year={2008},
  publisher={Elsevier}
}

@article{herstein1953axiomatic,
  title={An axiomatic approach to measurable utility},
  author={Herstein, Israel N and Milnor, John},
  journal={Econometrica},
  volume={21},
  number={2},
  pages={291--297},
  year={1953},
  publisher={JSTOR}
}

@article{strotz1955myopia,
  title={Myopia and Inconsistency in Dynamic Utility Maximization},
  author={Strotz, RH},
  journal={The Review of Economic Studies},
  volume={23},
  number={3},
  pages={165--180},
  year={1955},
  publisher={Wiley-Blackwell}
}

@article{kahneman1979prospect,
  title={Prospect Theory: An Analysis of Decision under Risk},
  author={Kahneman, Daniel and Tversky, Amos},
  journal={Econometrica},
  volume={47},
  number={2},
  pages={263--292},
  year={1979}
}

@article{louie2012efficient,
  title={Efficient coding and the neural representation of value},
  author={Louie, Kenway and Glimcher, Paul W},
  journal={Annals of the New York Academy of Sciences},
  volume={1251},
  number={1},
  pages={13--32},
  year={2012},
  publisher={Wiley Online Library}
}

@article{epstein1983stationary,
  title={Stationary cardinal utility and optimal growth under uncertainty},
  author={Epstein, Larry G},
  journal={Journal of Economic Theory},
  volume={31},
  number={1},
  pages={133--152},
  year={1983},
  publisher={Elsevier}
}

@article{epstein1989substitution,
  title={Substitution, Risk Aversion, and the Temporal Behavior of Consumption},
  author={Epstein, Larry G and Zin, Stanley E},
  journal={Econometrica},
  volume={57},
  number={4},
  pages={937--969},
  year={1989}
}

@article{epstein1991substitution,
  title={Substitution, risk aversion, and the temporal behavior of consumption and asset returns: An empirical analysis},
  author={Epstein, Larry G and Zin, Stanley E},
  journal={Journal of Political Economy},
  volume={99},
  number={2},
  pages={263--286},
  year={1991},
  publisher={The University of Chicago Press}
}

@article{weil1990nonexpected,
  title={Nonexpected utility in macroeconomics},
  author={Weil, Philippe},
  journal={The Quarterly Journal of Economics},
  volume={105},
  number={1},
  pages={29--42},
  year={1990},
  publisher={MIT Press}
}

@techreport{bommier2005risk,
  title={Risk aversion, intertemporal elasticity of substitution and correlation aversion},
  author={Bommier, Antoine},
  year={2005},
  institution={ETH Zurich}
}

@article{bommier2017monotone,
  title={On monotone recursive preferences},
  author={Bommier, Antoine and Kochov, Asen and Le Grand, Fran{\c{c}}ois},
  journal={Econometrica},
  volume={85},
  number={5},
  pages={1433--1466},
  year={2017},
  publisher={Wiley Online Library}
}

@article{oaksford1994rational,
  title={A rational analysis of the selection task as optimal data selection.},
  author={Oaksford, Mike and Chater, Nick},
  journal={Psychological review},
  volume={101},
  number={4},
  pages={608},
  year={1994},
  publisher={American Psychological Association}
}

@article{friston2017active,
  title={Active inference: a process theory},
  author={Friston, Karl and FitzGerald, Thomas and Rigoli, Francesco and Schwartenbeck, Philipp and Pezzulo, Giovanni},
  journal={Neural computation},
  volume={29},
  number={1},
  pages={1--49},
  year={2017},
  publisher={MIT Press One Rogers Street, Cambridge, MA 02142-1209, USA journals-info~…}
}

@article{zhang2012and,
  title={How and why 1 year differs from 365 days: A conversational logic analysis of inferences from the granularity of quantitative expressions},
  author={Zhang, Y Charles and Schwarz, Norbert},
  journal={Journal of Consumer Research},
  volume={39},
  number={2},
  pages={248--259},
  year={2012},
  publisher={University of Chicago Press Chicago, IL}
}

@article{monga2012years,
  title={Years, months, and days versus 1, 12, and 365: The influence of units versus numbers},
  author={Monga, Ashwani and Bagchi, Rajesh},
  journal={Journal of Consumer Research},
  volume={39},
  number={1},
  pages={185--198},
  year={2012},
  publisher={University of Chicago Press Chicago, IL}
}

@article{pelham1994easy,
  title={The easy path from many to much: The numerosity heuristic},
  author={Pelham, Brett W and Sumarta, Tin T and Myaskovsky, Laura},
  journal={Cognitive Psychology},
  volume={26},
  number={2},
  pages={103--133},
  year={1994},
  publisher={Elsevier}
}

@article{krajbich2010visual,
  title={Visual fixations and the computation and comparison of value in simple choice},
  author={Krajbich, Ian and Armel, Carrie and Rangel, Antonio},
  journal={Nature neuroscience},
  volume={13},
  number={10},
  pages={1292--1298},
  year={2010},
  publisher={Nature Publishing Group US New York}
}