
%% Attention and Information

@article{he1996attentional,
  title={Attentional resolution and the locus of visual awareness},
  author={He, Sheng and Cavanagh, Patrick and Intriligator, James},
  journal={Nature},
  volume={383},
  number={6598},
  pages={334--337},
  year={1996},
  publisher={Nature Publishing Group UK London}
}

@article{intriligator2001spatial,
  title={The spatial resolution of visual attention},
  author={Intriligator, James and Cavanagh, Patrick},
  journal={Cognitive psychology},
  volume={43},
  number={3},
  pages={171--216},
  year={2001},
  publisher={Elsevier}
}

@article{gottlieb2010attention,
  title={Attention as a decision in information space},
  author={Gottlieb, Jacqueline and Balan, Puiu},
  journal={Trends in cognitive sciences},
  volume={14},
  number={6},
  pages={240--248},
  year={2010},
  publisher={Elsevier}
}

@article{gottlieb2012attention,
  title={Attention, learning, and the value of information},
  author={Gottlieb, Jacqueline},
  journal={Neuron},
  volume={76},
  number={2},
  pages={281--295},
  year={2012},
  publisher={Elsevier}
}

@article{sharot2020people,
  title={How people decide what they want to know},
  author={Sharot, Tali and Sunstein, Cass R},
  journal={Nature Human Behaviour},
  volume={4},
  number={1},
  pages={14--19},
  year={2020},
  publisher={Nature Publishing Group UK London}
}

@book{kahneman1973,
	title = {Attention and effort},
	author = {Kahneman, Daniel},
	year = {1973},
	date = {1973},
	publisher = {Prentice-Hall},
	series = {Prentice-Hall series in experimental psychology},
	address = {Englewood Cliffs, N.J},
	langid = {eng}
}

@book{james1890,
	title = {The Principles of psychology},
	author = {James, William},
	year = {1890}
}

@article{chun2011taxonomy,
  title={A taxonomy of external and internal attention},
  author={Chun, Marvin M and Golomb, Julie D and Turk-Browne, Nicholas B},
  journal={Annual review of psychology},
  volume={62},
  pages={73--101},
  year={2011},
  publisher={Annual Reviews}
}


%% Value-Driven Attentional Capture

@article{hickey2010reward,
  title={Reward changes salience in human vision via the anterior cingulate},
  author={Hickey, Clayton and Chelazzi, Leonardo and Theeuwes, Jan},
  journal={Journal of Neuroscience},
  volume={30},
  number={33},
  pages={11096--11103},
  year={2010},
  publisher={Soc Neuroscience}
}

@article{anderson2011value,
  title={Value-driven attentional capture},
  author={Anderson, Brian A and Laurent, Patryk A and Yantis, Steven},
  journal={Proceedings of the National Academy of Sciences},
  volume={108},
  number={25},
  pages={10367--10371},
  year={2011},
  publisher={National Acad Sciences}
}

@article{awh2012top,
  title={Top-down versus bottom-up attentional control: A failed theoretical dichotomy},
  author={Awh, Edward and Belopolsky, Artem V and Theeuwes, Jan},
  journal={Trends in cognitive sciences},
  volume={16},
  number={8},
  pages={437--443},
  year={2012},
  publisher={Elsevier}
}

@article{chelazzi2013rewards,
  title={Rewards teach visual selective attention},
  author={Chelazzi, Leonardo and Perlato, Andrea and Santandrea, Elisa and Della Libera, Chiara},
  journal={Vision research},
  volume={85},
  pages={58--72},
  year={2013},
  publisher={Elsevier}
}

@article{failing2018selection,
  title={Selection history: How reward modulates selectivity of visual attention},
  author={Failing, Michel and Theeuwes, Jan},
  journal={Psychonomic bulletin \& review},
  volume={25},
  number={2},
  pages={514--538},
  year={2018},
  publisher={Springer}
}


%% Attention Theories

@article{bordalo2012salience,
  title={Salience theory of choice under risk},
  author={Bordalo, Pedro and Gennaioli, Nicola and Shleifer, Andrei},
  journal={The Quarterly journal of economics},
  volume={127},
  number={3},
  pages={1243--1285},
  year={2012},
  publisher={MIT Press}
}

@article{kHoszegi2013model,
  title={A model of focusing in economic choice},
  author={K{\H{o}}szegi, Botond and Szeidl, Adam},
  journal={The Quarterly journal of economics},
  volume={128},
  number={1},
  pages={53--104},
  year={2013},
  publisher={Oxford University Press}
}

@article{bordalo2013salience,
  title={Salience and consumer choice},
  author={Bordalo, Pedro and Gennaioli, Nicola and Shleifer, Andrei},
  journal={Journal of Political Economy},
  volume={121},
  number={5},
  pages={803--843},
  year={2013},
  publisher={University of Chicago Press Chicago, IL}
}

@article{bushong2021model,
  title={A model of relative thinking},
  author={Bushong, Benjamin and Rabin, Matthew and Schwartzstein, Joshua},
  journal={The Review of Economic Studies},
  volume={88},
  number={1},
  pages={162--191},
  year={2021},
  publisher={Oxford University Press}
}

@article{golman2018information,
  title={Information gaps: A theory of preferences regarding the presence and absence of information.},
  author={Golman, Russell and Loewenstein, George},
  journal={Decision},
  volume={5},
  number={3},
  pages={143},
  year={2018},
  publisher={Educational Publishing Foundation}
}

@article{lieder2018overrepresentation,
  title={Overrepresentation of extreme events in decision making reflects rational use of cognitive resources.},
  author={Lieder, Falk and Griffiths, Thomas L and Hsu, Ming},
  journal={Psychological review},
  volume={125},
  number={1},
  pages={1},
  year={2018},
  publisher={American Psychological Association}
}

@article{noor2022optimal,
  title={Optimal discounting},
  author={Noor, Jawwad and Takeoka, Norio},
  journal={Econometrica},
  volume={90},
  number={2},
  pages={585--623},
  year={2022},
  publisher={Wiley Online Library}
}

@article{noor2024constrained,
  title={Constrained optimal discounting},
  author={Noor, Jawwad and Takeoka, Norio},
  journal={Available at SSRN 4703748},
  year={2024}
}

@techreport{gabaix2012myopia,
  title={Myopia and discounting},
  author={Gabaix, Xavier and Laibson, David},
  year={2012},
  institution={National bureau of economic research}
}

@article{khaw2021cognitive,
  title={Cognitive imprecision and small-stakes risk aversion},
  author={Khaw, Mel Win and Li, Ziang and Woodford, Michael},
  journal={The review of economic studies},
  volume={88},
  number={4},
  pages={1979--2013},
  year={2021},
  publisher={Oxford University Press}
}

%% Intertemporal Choice

@article{read2017value,
  title={The value of nothing: Asymmetric attention to opportunity costs drives intertemporal decision making},
  author={Read, Daniel and Olivola, Christopher Y and Hardisty, David J},
  journal={Management Science},
  volume={63},
  number={12},
  pages={4277--4297},
  year={2017},
  publisher={INFORMS}
}

@article{fisher2021intertemporal,
  title={Intertemporal choices are causally influenced by fluctuations in visual attention},
  author={Fisher, Geoffrey},
  journal={Management Science},
  volume={67},
  number={8},
  pages={4961--4981},
  year={2021},
  publisher={INFORMS}
}

@article{franco2016now,
  title={Now or later? Attentional processing and intertemporal choice},
  author={Franco-Watkins, Ana M and Mattson, Richard E and Jackson, Marc D},
  journal={Journal of Behavioral Decision Making},
  volume={29},
  number={2-3},
  pages={206--217},
  year={2016},
  publisher={Wiley Online Library}
}

@article{reeck2017search,
  title={Search predicts and changes patience in intertemporal choice},
  author={Reeck, Crystal and Wall, Daniel and Johnson, Eric J},
  journal={Proceedings of the National Academy of Sciences},
  volume={114},
  number={45},
  pages={11890--11895},
  year={2017},
  publisher={National Acad Sciences}
}

@article{magen2008hidden,
  title={The hidden zero effect: Representing a single choice as an extended sequence reduces impulsive choice},
  author={Magen, Eran and Dweck, Carol S and Gross, James J},
  journal={Psychological science},
  volume={19},
  number={7},
  pages={648},
  year={2008},
  publisher={NIH Public Access}
}

@article{radu2011mechanism,
  title={A mechanism for reducing delay discounting by altering temporal attention},
  author={Radu, Peter T and Yi, Richard and Bickel, Warren K and Gross, James J and McClure, Samuel M},
  journal={Journal of the experimental analysis of behavior},
  volume={96},
  number={3},
  pages={363--385},
  year={2011},
  publisher={Wiley Online Library}
}

%% Gaze

@article{bhatnagar2022meta,
  title={A meta-analysis on the effect of visual attention on choice.},
  author={Bhatnagar, Roopali and Orquin, Jacob L},
  journal={Journal of Experimental Psychology: General},
  volume={151},
  number={10},
  pages={2265},
  year={2022},
  publisher={American Psychological Association}
}

@article{pleskac2023attention,
  title={Attention biases preferential choice by enhancing an option’s value.},
  author={Pleskac, Timothy J and Yu, Shuli and Grunevski, Sergej and Liu, Taosheng},
  journal={Journal of Experimental Psychology: General},
  volume={152},
  number={4},
  pages={993},
  year={2023},
  publisher={American Psychological Association}
}

@article{smith2019gaze,
  title={Gaze amplifies value in decision making},
  author={Smith, Stephanie M and Krajbich, Ian},
  journal={Psychological science},
  volume={30},
  number={1},
  pages={116--128},
  year={2019},
  publisher={Sage Publications Sage CA: Los Angeles, CA}
}

@article{shimojo2003gaze,
  title={Gaze bias both reflects and influences preference},
  author={Shimojo, Shinsuke and Simion, Claudiu and Shimojo, Eiko and Scheier, Christian},
  journal={Nature neuroscience},
  volume={6},
  number={12},
  pages={1317--1322},
  year={2003},
  publisher={Nature Publishing Group US New York}
}

@article{armel2008biasing,
  title={Biasing simple choices by manipulating relative visual attention},
  author={Armel, K Carrie and Beaumel, Aurelie and Rangel, Antonio},
  journal={Judgment and Decision making},
  volume={3},
  number={5},
  pages={396--403},
  year={2008},
  publisher={Cambridge University Press}
}

@article{orquin2013attention,
  title={Attention and choice: A review on eye movements in decision making},
  author={Orquin, Jacob L and Loose, Simone Mueller},
  journal={Acta psychologica},
  volume={144},
  number={1},
  pages={190--206},
  year={2013},
  publisher={Elsevier}
}

@article{milosavljevic2012relative,
  title={Relative visual saliency differences induce sizable bias in consumer choice},
  author={Milosavljevic, Milica and Navalpakkam, Vidhya and Koch, Christof and Rangel, Antonio},
  journal={Journal of consumer psychology},
  volume={22},
  number={1},
  pages={67--74},
  year={2012},
  publisher={Elsevier}
}

@article{gwinn2019spillover,
  title={The spillover effects of attentional learning on value-based choice},
  author={Gwinn, Rachael and Leber, Andrew B and Krajbich, Ian},
  journal={Cognition},
  volume={182},
  pages={294--306},
  year={2019},
  publisher={Elsevier}
}

@article{lim2011decision,
  title={The decision value computations in the vmPFC and striatum use a relative value code that is guided by visual attention},
  author={Lim, Seung-Lark and O'Doherty, John P and Rangel, Antonio},
  journal={Journal of Neuroscience},
  volume={31},
  number={37},
  pages={13214--13223},
  year={2011},
  publisher={Soc Neuroscience}
}

@article{mormann2021does,
  title={Does attention increase the value of choice alternatives?},
  author={Mormann, Milica and Russo, J Edward},
  journal={Trends in cognitive sciences},
  volume={25},
  number={4},
  pages={305--315},
  year={2021},
  publisher={Elsevier}
}

%% Related theory

@article{ratcliff2016diffusion,
  title={Diffusion decision model: Current issues and history},
  author={Ratcliff, Roger and Smith, Philip L and Brown, Scott D and McKoon, Gail},
  journal={Trends in cognitive sciences},
  volume={20},
  number={4},
  pages={260--281},
  year={2016},
  publisher={Elsevier}
}

@article{krajbich2010visual,
  title={Visual fixations and the computation and comparison of value in simple choice},
  author={Krajbich, Ian and Armel, Carrie and Rangel, Antonio},
  journal={Nature neuroscience},
  volume={13},
  number={10},
  pages={1292--1298},
  year={2010},
  publisher={Nature Publishing Group US New York}
}

@article{johnson2007aspects,
  title={Aspects of endowment: a query theory of value construction.},
  author={Johnson, Eric J and H{\"a}ubl, Gerald and Keinan, Anat},
  journal={Journal of experimental psychology: Learning, memory, and cognition},
  volume={33},
  number={3},
  pages={461},
  year={2007},
  publisher={American Psychological Association}
}

@article{weber2007asymmetric,
  title={Asymmetric discounting in intertemporal choice: A query-theory account},
  author={Weber, Elke U and Johnson, Eric J and Milch, Kerry F and Chang, Hannah and Brodscholl, Jeffrey C and Goldstein, Daniel G},
  journal={Psychological science},
  volume={18},
  number={6},
  pages={516--523},
  year={2007},
  publisher={SAGE Publications Sage CA: Los Angeles, CA}
}

@article{scholten2024unified,
  title={The unified tradeoff model.},
  author={Scholten, Marc and Walters, Daniel J and Fox, Craig R and Read, Daniel},
  journal={Psychological Review},
  year={2024},
  publisher={American Psychological Association}
}

@article{scholten2016cumulative,
  title={Cumulative weighing of time in intertemporal tradeoffs.},
  author={Scholten, Marc and Read, Daniel and Sanborn, Adam},
  journal={Journal of Experimental Psychology: General},
  volume={145},
  number={9},
  pages={1177},
  year={2016},
  publisher={American Psychological Association}
}

@article{read2012tradeoffs,
  title={Tradeoffs between sequences: Weighing accumulated outcomes against outcome-adjusted delays.},
  author={Read, Daniel and Scholten, Marc},
  journal={Journal of Experimental Psychology: Learning, Memory, and Cognition},
  volume={38},
  number={6},
  pages={1675},
  year={2012},
  publisher={American Psychological Association}
}

%% Tool

@article{lange2015just,
  title={"Just another tool for online studies”(JATOS): An easy solution for setup and management of web servers supporting online studies},
  author={Lange, Kristian and K{\"u}hn, Simone and Filevich, Elisa},
  journal={PloS one},
  volume={10},
  number={6},
  pages={e0130834},
  year={2015},
  publisher={Public Library of Science San Francisco, CA USA}
}

@article{burro2022patience,
  title={Patience decreases with age for the poor but not for the rich: an international comparison},
  author={Burro, Giovanni and McDonald, Rebecca and Read, Daniel and Taj, Umar},
  journal={Journal of Economic Behavior \& Organization},
  volume={193},
  pages={596--621},
  year={2022},
  publisher={Elsevier}
}

@article{gigerenzer2011heuristic,
  title={Heuristic decision making},
  author={Gigerenzer, Gerd and Gaissmaier, Wolfgang},
  journal={Annual review of psychology},
  volume={62},
  pages={451--482},
  year={2011},
  publisher={Annual Reviews}
}

@article{freeman2010mousetracker,
  title={MouseTracker: Software for studying real-time mental processing using a computer mouse-tracking method},
  author={Freeman, Jonathan B and Ambady, Nalini},
  journal={Behavior research methods},
  volume={42},
  number={1},
  pages={226--241},
  year={2010},
  publisher={Springer}
}

@article{freeman2018doing,
  title={Doing psychological science by hand},
  author={Freeman, Jonathan B},
  journal={Current directions in psychological science},
  volume={27},
  number={5},
  pages={315--323},
  year={2018},
  publisher={Sage Publications Sage CA: Los Angeles, CA}
}

@book{huber2009robust,
  author    = {Peter J. Huber and Elvezio M. Ronchetti},
  title     = {Robust Statistics},
  publisher = {John Wiley \& Sons, Inc.},
  year      = {2009},
  month     = {January},
  day       = {29},
  isbn      = {9780470129906},
  doi       = {10.1002/9780470434697},
}

@article{muller2005outlier,
  title={Outlier robust model selection in linear regression},
  author={M{\"u}ller, Samuel and Welsh, AH},
  journal={Journal of the American Statistical Association},
  volume={100},
  number={472},
  pages={1297--1310},
  year={2005},
  publisher={Taylor \& Francis}
}

@article{andersen2008eliciting,
  title={Eliciting risk and time preferences},
  author={Andersen, Steffen and Harrison, Glenn W and Lau, Morten I and Rutstr{\"o}m, E Elisabet},
  journal={Econometrica},
  volume={76},
  number={3},
  pages={583--618},
  year={2008},
  publisher={Wiley Online Library}
}

@article{andersen2013discounting,
  title={Discounting behaviour and the magnitude effect: Evidence from a field experiment in Denmark},
  author={Andersen, Steffen and Harrison, Glenn W and Lau, Morten I and Rutstr{\"o}m, E Elisabet},
  journal={Economica},
  volume={80},
  number={320},
  pages={670--697},
  year={2013},
  publisher={Wiley Online Library}
}

