
@article{chun2011taxonomy,
  title={A taxonomy of external and internal attention},
  author={Chun, Marvin M and Golomb, Julie D and Turk-Browne, Nicholas B},
  journal={Annual review of psychology},
  volume={62},
  pages={73--101},
  year={2011},
  publisher={Annual Reviews}
}

@article{golman2018information,
  title={Information gaps: A theory of preferences regarding the presence and absence of information.},
  author={Golman, Russell and Loewenstein, George},
  journal={Decision},
  volume={5},
  number={3},
  pages={143},
  year={2018},
  publisher={Educational Publishing Foundation}
}

@article{golman2022demand,
  title={The demand for, and avoidance of, information},
  author={Golman, Russell and Loewenstein, George and Molnar, Andras and Saccardo, Silvia},
  journal={Management Science},
  volume={68},
  number={9},
  pages={6454--6476},
  year={2022},
  publisher={INFORMS}
}

@article{fisher2021intertemporal,
  title={Intertemporal choices are causally influenced by fluctuations in visual attention},
  author={Fisher, Geoffrey},
  journal={Management Science},
  volume={67},
  number={8},
  pages={4961--4981},
  year={2021},
  publisher={INFORMS}
}

@article{pleskac2023attention,
  title={Attention biases preferential choice by enhancing an optionâ€™s value.},
  author={Pleskac, Timothy J and Yu, Shuli and Grunevski, Sergej and Liu, Taosheng},
  journal={Journal of Experimental Psychology: General},
  volume={152},
  number={4},
  pages={993},
  year={2023},
  publisher={American Psychological Association}
}